
@article{claraco_tutorial_nodate,
  title = {A tutorial on {SE}(3) transformation parameterizations and on-manifold optimization},
  pages = {66},
  journaltitle = {Technical report},
  author = {Claraco, Jose Luis Blanco},
  langid = {english},
  file = {Claraco - A tutorial on SE(3) transformation parameterizatio.pdf:/home/berg/snap/zotero-snap/common/Zotero/storage/HJG7FRAD/Claraco - A tutorial on SE(3) transformation parameterizatio.pdf:application/pdf}
}

